    @BOOK{SCADA,
      author =       "Gordon Clarke and Deon Reynders",
      title =        "{\it Practical Modern SCADA Protocols}",
      publisher =    "ELSEVIER SCIENCE TECHNOLOGY, United Kingdom",
      year =         "2004",
    }

    @BOOK{IoTFundamentals,
      author =       "David Hanes and Gonzalo Salqueiro and Patrick Grossetete and Rob Barton and Jereme Henry",
      title =        "{\it IoT Fundamentals. Networking Technologies, Protocol and Use Cases for the Internet of Things}",
      publisher =    "Cisco Press",
      year =         "2017",
    }

    @BOOK{Pekarek,
      author =       "Dominik Pekárek",
      title =        "{\it Popis a testování komunikačních protokolů normy IEC 60870-5-103 a 60870-5-104}",
      publisher =    "Vysoké učení technické v Brně, Fakulta elektrotechniky a komunikačních technologií",
      year =         "2017",
      note =         "Diplomová práca",
   }

   @BOOK{Horych,
      author =       "Vladimír Horych",
      title =        "{\it Analýza řídicích protokolů využívaných v průmyslových aplikacích}",
      publisher =    "Vysoké učení technické v Brně, Fakulta elektrotechniky a komunikačních technologií",
      year =         "2009",
      note =         "Diplomová práca",
   }

   @BOOK{iec,
      author =       "Petr Matoušek",
      title =        "{\it Description of IEC 60870-104 Protocol}",
      publisher =    "Vysoké učení technické v Brně",
      year =         "2017",
      note =         "Projekt IRONSTONE, technická správa č. FIT-TR-2017-12"
   }

   @BOOK{IoTSec,
      author =       "Petr Matoušek",
      title =        "{\it Security Issues in Industrial IoT Systems}",
      publisher =    "Vysoké učení technické v Brně",
      note =         "Projekt IRONSTONE, technická správa č. FIT-TR-2018-xx"
   }

   @BOOK{dlmscosem,
      author =       "Petr Matoušek",
      title =        "{\it Analysis of DLMS Protocol}",
      publisher =    "Vysoké učení technické v Brně",
      year =         "2017",
      note =         "Projekt IRONSTONE, technická správa č. FIT-TR-2017-13"
   }

   @online{nist,
      author = {Keith Stouffer and Joe Falco and Karen Scarfone},
      title = {Guide to Industrial Control Systems (ICS) Security},
      year = "2011",
      url = {https://nvlpubs.nist.gov/nistpubs/SpecialPublications/NIST.SP.800-82.pdf}
    }

    @BOOK{Security,
      title = {Industrial Network Security: Securing Critical Infrastructure Networks for Smart Grid, SCADA, and Other Industrial Control Systems},
      publisher = {Syngress},
      year = {2011},
      author = {Eric D. Knapp and Joel Thomas Langill}
    }
   